@book{nemhauser1988integer,
  title={Integer Programming and Combinatorial Optimization},
  author={Nemhauser, George L and Wolsey, Laurence A},
  year={1988},
  publisher={John Wiley & Sons}
}

@book{junger200950,
  title={50 Years of integer programming 1958-2008: From the early years to the state-of-the-art},
  author={J{\"u}nger, Michael and Liebling, Thomas M and Naddef, Denis and Nemhauser, George L and Pulleyblank, William R and Reinelt, Gerhard and Rinaldi, Giovanni and Wolsey, Laurence A},
  year={2009},
  publisher={Springer Science \& Business Media}
}

@article{shor1962application,
  title={An application of the method of gradient descent to the solution of the network transportation problem},
  author={Shor, NZ},
  journal={Materialy Naucnovo Seminara po Teoret i Priklad. Voprosam Kibernet. i Issted. Operacii, Nucnyi Sov. po Kibernet, Akad. Nauk Ukrain. SSSR, vyp},
  volume={1},
  pages={9--17},
  year={1962}
}

@article{held1974validation,
  title={Validation of subgradient optimization},
  author={Held, Michael and Wolfe, Philip and Crowder, Harlan P},
  journal={Mathematical programming},
  volume={6},
  number={1},
  pages={62--88},
  year={1974},
  publisher={Springer}
}

@article{fisher1985applications,
  title={An applications oriented guide to Lagrangian relaxation},
  author={Fisher, Marshall L},
  journal={Interfaces},
  volume={15},
  number={2},
  pages={10--21},
  year={1985},
  publisher={INFORMS}
}

@article{forrest2005cbc,
  title={CBC user guide},
  author={Forrest, John and Lougee-Heimer, Robin},
  journal={INFORMS Tutorials in Operations Research},
  pages={257--277},
  year={2005}
}

@article{benders1962partitioning,
  title={Partitioning procedures for solving mixed-variables programming problems},
  author={Benders, Jacques F},
  journal={Numerische mathematik},
  volume={4},
  number={1},
  pages={238--252},
  year={1962},
  publisher={Springer}
}

@book{bertsekas2003convex,
  title={Convex analysis and optimization},
  author={Bertsekas, Dimitri P and Nedi, Angelia and Ozdaglar, Asuman E and others},
  year={2003},
  publisher={Athena Scientific}
}